<?xml version="1.0" encoding="UTF-8"?><collection><record><leader>06287ntm a2200553 a 4500</leader><controlfield tag="001">005968840</controlfield><controlfield tag="003">MiAaHDL</controlfield><controlfield tag="005">20190719000000.0</controlfield><controlfield tag="006">m        d        </controlfield><controlfield tag="007">cr bn ---auaua</controlfield><controlfield tag="008">090324s1812    xx            00| ||ara d</controlfield><datafield tag="035" ind1=" " ind2=" "><subfield code="a">(MiU)005968840</subfield></datafield><datafield tag="035" ind1=" " ind2=" "><subfield code="a">sdr-miu005968840</subfield></datafield><datafield tag="040" ind1=" " ind2=" "><subfield code="a">MiU</subfield><subfield code="c">MiU</subfield></datafield><datafield tag="100" ind1="0" ind2=" "><subfield code="6">880-01</subfield><subfield code="a">Sadullah Ismail.</subfield></datafield><datafield tag="245" ind1="1" ind2="0"><subfield code="6">880-02</subfield><subfield code="a">Kashf al-sutūr fī tafsīr Āyat al-nūr,</subfield><subfield code="f">[1227, i.e. 1812].</subfield></datafield><datafield tag="260" ind1=" " ind2=" "><subfield code="c">[1812].</subfield></datafield><datafield tag="300" ind1=" " ind2=" "><subfield code="a">24 leaves :</subfield><subfield code="b">paper ;</subfield><subfield code="c">213 x 125 (150 x 73) mm. bound to 215 x 130 mm.</subfield></datafield><datafield tag="500" ind1=" " ind2=" "><subfield code="a">Shelfmark: Ann Arbor, University of Michigan, Special Collections Library, Isl. Ms. 13</subfield></datafield><datafield tag="500" ind1=" " ind2=" "><subfield code="a">Origins: As appears in colophon on fol.23b (p.48), copied by Ḥasan al-Zuhdī al-Arḍirūmī (Hasan Zühdi Erzurûmî, or Erzurumlu). Transcription finished 3 Rabīʻ I [?] 1227 [ca. 3 March 1812].</subfield></datafield><datafield tag="500" ind1=" " ind2=" "><subfield code="a">Former shelfmark: British Museum, London "No. 83. Kashf al-sutur."</subfield></datafield><datafield tag="500" ind1=" " ind2=" "><subfield code="a">Binding: Pasteboards covered in marbled paper (blue, orange and white) with spine and turn-ins in red leather ; Type III binding (without flap) ; board linings in a tinted (blue green) European laid paper with watermark partially visible "GIACOMO..." ; sewn in yellow thread, two stations ; endbands mostly gone ; in poor condition with spine leather cracking and lifting, moisture damage, staining, abrasion, and some ink burn ; currently housed in envelope.</subfield></datafield><datafield tag="500" ind1=" " ind2=" "><subfield code="a">Support: non-European laid paper with vertical laid lines spaced 10-11 laid lines per cm. with some sagging and curving ; well-burnished and quite smooth ; no chain lines clearly visible ; flyleaves in European paper with horizontal chain lines spaced 31 mm. apart and vertical laid lines spaced 12 laid lines per cm.</subfield></datafield><datafield tag="500" ind1=" " ind2=" "><subfield code="a">Decoration: Illuminated headpiece (ʻunwān) on fol.1b (p.4) consisting of rectangular panel with central gold cartouche and flanking floral accents in pink, red, yellow, and gold, entire piece framed in borders of pink and gold ; illuminated tailpiece on fol.23b (p.48) consisting of rectangular panel with an arabesque-like pattern in pink, blue, and red on a field of gold above an inverted triangular piece (carrying colophon accented by cloud bands and rosettes) flanked by elaborate floral decoration in pink, blue, white and green ; textual dividers in the form of elaborate illuminated rosettes ; written area framed in a series of gold bands with outermost red fillet ; text rubricated with Qur'anic text, keywords, overlining, etc. in red.</subfield></datafield><datafield tag="500" ind1=" " ind2=" "><subfield code="a">Script: Naskh ; Exquisite Ottoman hand ; partially seriffed with right-sloping head-serif on lām, ṭāʼ, ẓāʼ, etc. but free-standing alif serifless ; slight effect of slant to the left ; open and closed counters ; occasional swooping tails ; partially vocalized.</subfield></datafield><datafield tag="500" ind1=" " ind2=" "><subfield code="a">Layout: Written in 15 lines per page ; frame-ruled.</subfield></datafield><datafield tag="500" ind1=" " ind2=" "><subfield code="a">Collation: i, 2 V(20), II (24), i ; final folio ruled but left blank ; catchwords present ; pagination in pencil, Western numerals, supplied during digitization.</subfield></datafield><datafield tag="500" ind1=" " ind2=" "><subfield code="a">Colophon: "Scribal," triangular, reads: "كتبه حسن الزهدي الارضرومي غفر الله له ولوالديه ولاستاذه امين في ۳ع [؟] سنة ۱۲۲۷ه م"</subfield></datafield><datafield tag="500" ind1=" " ind2=" "><subfield code="a">Dedication: As appears on fol.2a-2b (p.5-6) dedicated to the vizier Emin Paşa.</subfield></datafield><datafield tag="500" ind1=" " ind2=" "><subfield code="a">Explicit: "والله بكل شيء عليم يعني علمه احاط بكل شيء مجردا كان او ماديا متخلقا باخلاقه او غير متخلق بها والله اعلم بالصواب واليه المرجع والمآب"</subfield></datafield><datafield tag="500" ind1=" " ind2=" "><subfield code="a">Incipit: "الحمد لله الذي تجلى بذاته لذاته بالنور ولما سواه من الانبياء والكمل بنور النور ... وبعد فيقول العبد المفتقر الى الله الجليل سعد الله بن اسماعيل لما ترددت [؟] في زمان مديد في مطالعة التفاسير من اراء المتقدمين والمتأخرين في رسائلهم للاطلاع على اية النور بوجه منير فما وجت فيها شيئا ... ولما تم ترقيمها وتحريرها سميتها كشف الستور في تفسير اية النور ..."</subfield></datafield><datafield tag="500" ind1=" " ind2=" "><subfield code="a">Title from opening on fol.2a (p.5).</subfield></datafield><datafield tag="500" ind1=" " ind2=" "><subfield code="a">Ms. codex.</subfield></datafield><datafield tag="510" ind1="4" ind2=" "><subfield code="a">Knysh, Alexander. "Sufism and the Qur’an," In The Encyclopaedia of the Qur’an, vol.5, ed. J. McAuliffe (Leiden: E.J. Brill, 2006):</subfield><subfield code="c">137-159.</subfield></datafield><datafield tag="510" ind1="4" ind2=" "><subfield code="a">Kaḥḥālah, ʻUmar. Muʻjam al-muʼallifīn, (Dimashq, 1957),</subfield><subfield code="c">v.4, p.216</subfield></datafield><datafield tag="520" ind1="8" ind2=" "><subfield code="a">Fine copy of Saʻd Allāh ibn Ismāʻīl's commentary on Āyat al-nūr.</subfield></datafield><datafield tag="538" ind1=" " ind2=" "><subfield code="a">Mode of access: Internet.</subfield></datafield><datafield tag="541" ind1=" " ind2=" "><subfield code="c">Purchase ;</subfield><subfield code="a">Acquired by purchase along with Abdul Hamid Collection (funds donated by Horace Rackham).</subfield><subfield code="d">1924.</subfield></datafield><datafield tag="545" ind1=" " ind2=" "><subfield code="a">Sadullah Sait Efendi (d.1247/1831-2) was from Diyarbekir. He served as a steward (kethüda) to various viziers and became scribe of the divan (divan katibi) before obtaining a position as senior scribe (hecelik). In 1237/1821-2, he went to Egypt, were he became the chief corrector (baş musahhih) for the Egyptian Press (Tabhane-yi Mısriye). He was also a poet and wrote a few rhymed treatises (from notes supplied by Alexander Knysh and Gottfried Hagen).</subfield></datafield><datafield tag="546" ind1=" " ind2=" "><subfield code="a">Arabic.</subfield></datafield><datafield tag="561" ind1=" " ind2=" "><subfield code="a">Bookplate of British Museum, London on inner front cover, "No. 83. Kashf al-sutur." ; circular seal impression with figure of goat/gazelle in purple ink as well as inscription "248" in Western numerals on front flyleaf ; traces of a pasted label removed from fol.1a (p.3) ; a few interlinear corrections in red ink ; inscription/excerpt on back flyleaf.</subfield></datafield><datafield tag="630" ind1="0" ind2="0"><subfield code="a">Qurʼan</subfield><subfield code="p">Sūrat al-nūr, 35</subfield><subfield code="v">Commentaries.</subfield></datafield><datafield tag="650" ind1=" " ind2="0"><subfield code="a">Manuscripts, Arabic</subfield><subfield code="z">Michigan</subfield><subfield code="z">Ann Arbor.</subfield></datafield><datafield tag="655" ind1=" " ind2="7"><subfield code="a">Headpieces (layout features)</subfield><subfield code="y">19th century.</subfield><subfield code="2">aat</subfield></datafield><datafield tag="700" ind1="0" ind2=" "><subfield code="6">880-05</subfield><subfield code="a">Hasan Zühdi Erzurûmî,</subfield><subfield code="d">fl.1812,</subfield><subfield code="e">scribe.</subfield></datafield><datafield tag="773" ind1="0" ind2=" "><subfield code="a">Tiflis Collection.</subfield></datafield><datafield tag="880" ind1="0" ind2=" "><subfield code="6">700-05/</subfield><subfield code="a">حسن الزهدى الارضرومى،</subfield><subfield code="e">ناسخ.</subfield></datafield><datafield tag="880" ind1="1" ind2="0"><subfield code="6">245-02/</subfield><subfield code="a">كشف الستور في تفسير آية النور,</subfield><subfield code="b">[1227ه, 1812م].</subfield></datafield><datafield tag="880" ind1="0" ind2=" "><subfield code="6">100-01/</subfield><subfield code="a">سعد الله اسماعيل.</subfield></datafield><datafield tag="CID" ind1=" " ind2=" "><subfield code="a">005968840</subfield></datafield><datafield tag="DAT" ind1="0" ind2=" "><subfield code="a">20190719102633.0</subfield><subfield code="b">20190719000000.0</subfield></datafield><datafield tag="DAT" ind1="1" ind2=" "><subfield code="a">20190719090653.0</subfield><subfield code="b">2019-07-19T16:11:07Z</subfield></datafield><datafield tag="DAT" ind1="2" ind2=" "><subfield code="a">2015-10-02T18:00:03Z</subfield></datafield><datafield tag="CAT" ind1=" " ind2=" "><subfield code="a">SDR-MIU</subfield><subfield code="d">EX LIBRIS - ALEPH</subfield><subfield code="l">prepare.pl-004-008</subfield></datafield><datafield tag="FMT" ind1=" " ind2=" "><subfield code="a">BK</subfield></datafield><datafield tag="HOL" ind1=" " ind2=" "><subfield code="0">sdr-miu005968840</subfield><subfield code="a">MiU</subfield><subfield code="b">SDR</subfield><subfield code="c">MIU</subfield><subfield code="p">mdp.39015079105121</subfield><subfield code="s">MIU</subfield><subfield code="1">005968840</subfield></datafield><datafield tag="974" ind1=" " ind2=" "><subfield code="b">MIU</subfield><subfield code="c">MIU</subfield><subfield code="d">20190719</subfield><subfield code="s">lit-dlps-dc</subfield><subfield code="u">mdp.39015079105121</subfield><subfield code="y">1812</subfield><subfield code="r">pd</subfield><subfield code="q">bib</subfield><subfield code="t">non-US bib date1 &lt; 1879</subfield></datafield></record></collection>